Untuk setiap referensi, baris pertama (newton1687) merupakan label dan baris-baris berikutnya
merupakan atribut dari referensi yang akan digunakan. Umumnya, format referensi berikut sudah
disediakan oleh penyedia sumber referensi secara online dan bisa langsung ditaruh di sini.

Lihat https://www.bibtex.com/g/bibtex-format/ untuk informasi lebih lanjut mengenai format
BibTex yang digunakan pada file ini.

@article{newton1687,
  author  = {Isaac Newton},
  journal = {Philosophiæ Naturalis Principia Mathematica},
  title   = {Axioms or Laws of Motion},
  year    = {1687}
}

@misc{Daring_2016, title={KBBI VI Daring}, url={https://kbbi.kemdikbud.go.id/entri/lumpuh}, journal={Hasil Pencarian - KBBI VI Daring}, publisher={Badan Pengembangan Dan Pembinaan Bahasa}, author={Daring, KBBI}, year={2016}} 

@misc{Pansawira_2022, title={Kelumpuhan - Gejala, penyebab, dan mengobati - Alodokter}, url={https://www.alodokter.com/kelumpuhan#:~:text=Kondisi%20ini%20dapat%20disebabkan%20oleh,Penanganan%20kelumpuhan%20tergantung%20pada%20penyebabnya.}, journal={Alodokter}, publisher={Alodokter}, author={Pansawira, Pittara}, year={2022}, month=4} 

@article{choi2019motion,
  title={Motion control of joystick interfaced electric wheelchair for improvement of safety and riding comfort},
  author={Choi, Jung Hyun and Chung, Younghun and Oh, Sehoon},
  journal={Mechatronics},
  volume={59},
  pages={104--114},
  year={2019},
  publisher={Elsevier}
}

@INPROCEEDINGS{YOLO,
  author={Redmon, Joseph and Divvala, Santosh and Girshick, Ross and Farhadi, Ali},
  booktitle={2016 IEEE Conference on Computer Vision and Pattern Recognition (CVPR)}, 
  title={You Only Look Once: Unified, Real-Time Object Detection}, 
  year={2016},
  volume={},
  number={},
  pages={779-788},
  keywords={Computer architecture;Microprocessors;Object detection;Training;Real-time systems;Neural networks;Pipelines},
  doi={10.1109/CVPR.2016.91}}

@article{Yolov8,
   title={A Comprehensive Review of YOLO Architectures in Computer Vision: From YOLOv1 to YOLOv8 and YOLO-NAS},
   volume={5},
   ISSN={2504-4990},
   url={http://dx.doi.org/10.3390/make5040083},
   DOI={10.3390/make5040083},
   number={4},
   journal={Machine Learning and Knowledge Extraction},
   publisher={MDPI AG},
   author={Terven, Juan and Córdova-Esparza, Diana-Margarita and Romero-González, Julio-Alejandro},
   year={2023},
   month=nov, pages={1680–1716} }


@article{lecrosnier2021deep,
  title={Deep learning-based object detection, localisation and tracking for smart wheelchair healthcare mobility},
  author={Lecrosnier, Louis and Khemmar, Redouane and Ragot, Nicolas and Decoux, Benoit and Rossi, Romain and Kefi, Naceur and Ertaud, Jean-Yves},
  journal={International journal of environmental research and public health},
  volume={18},
  number={1},
  pages={91},
  year={2021},
  publisher={MDPI}
}

@article{wijaya2022deteksi,
  title={Deteksi Objek Menggunakan YOLO V3 Untuk Keamanan Pada Pergerakan Kursi Roda Elektrik},
  author={Wijaya, Wahyu Krisna and Somawirata, I Komang and Labib, Radimas Putra Muhammad Davi},
  journal={Nucleus Journal},
  volume={1},
  number={2},
  pages={94--98},
  year={2022}
}

@Article{jimaging9100216,
AUTHOR = {Rahman, Shakila and Rony, Jahid Hasan and Uddin, Jia and Samad, Md Abdus},
TITLE = {Real-Time Obstacle Detection with YOLOv8 in a WSN Using UAV Aerial Photography},
JOURNAL = {Journal of Imaging},
VOLUME = {9},
YEAR = {2023},
NUMBER = {10},
ARTICLE-NUMBER = {216},
URL = {https://www.mdpi.com/2313-433X/9/10/216},
PubMedID = {37888323},
ISSN = {2313-433X},
DOI = {10.3390/jimaging9100216}
}

@article{ren2015faster,
  title={Faster r-cnn: Towards real-time object detection with region proposal networks},
  author={Ren, Shaoqing and He, Kaiming and Girshick, Ross and Sun, Jian},
  journal={Advances in neural information processing systems},
  volume={28},
  year={2015}
}

@misc{shah2023intersection,
  title={Intersection over union (iou): Definition, calculation, code},
  author={Shah, D},
  year={2023}
}

@article{fibrianianalisis,
  title={Analisis Driver H-Bridge Menggunakan Relay Pada Motor BLDC Konstruksi Axial Flux (Celah Ganda)},
  author={Muhammad}, url={https://repository.unej.ac.id/bitstream/handle/123456789/89217/Muhammad%20-%20161910201115.pdf?sequence=1&isAllowed=y},year={2018}
}


@misc{Elliot_Residing, 
title={Nvidia-powered freedom: KB’s innovative autonomous wheelchair}, url={https://www.electromaker.io/blog/article/rusts-role-in-advancing-esp32-embedded-solutions}, 
journal={Electromaker.io - Unleash Your Creativity with DIY Electronics & Maker Projects}, 
author={Elliot, Richard and Residing on the south coast of England and Follow}, 
year={2023}, 
month={Oct}
}

@article{MediaPipe,
  author       = {Camillo Lugaresi and
                  Jiuqiang Tang and
                  Hadon Nash and
                  Chris McClanahan and
                  Esha Uboweja and
                  Michael Hays and
                  Fan Zhang and
                  Chuo{-}Ling Chang and
                  Ming Guang Yong and
                  Juhyun Lee and
                  Wan{-}Teh Chang and
                  Wei Hua and
                  Manfred Georg and
                  Matthias Grundmann},
  title        = {MediaPipe: {A} Framework for Building Perception Pipelines},
  journal      = {CoRR},
  volume       = {abs/1906.08172},
  year         = {2019},
  url          = {http://arxiv.org/abs/1906.08172},
  eprinttype    = {arXiv},
  eprint       = {1906.08172},
  timestamp    = {Mon, 24 Jun 2019 17:28:45 +0200},
  biburl       = {https://dblp.org/rec/journals/corr/abs-1906-08172.bib},
  bibsource    = {dblp computer science bibliography, https://dblp.org}
}

@Article{MediapipePose,
AUTHOR = {Kim, Jong-Wook and Choi, Jin-Young and Ha, Eun-Ju and Choi, Jae-Ho},
TITLE = {Human Pose Estimation Using MediaPipe Pose and Optimization Method Based on a Humanoid Model},
JOURNAL = {Applied Sciences},
VOLUME = {13},
YEAR = {2023},
NUMBER = {4},
ARTICLE-NUMBER = {2700},
URL = {https://www.mdpi.com/2076-3417/13/4/2700},
ISSN = {2076-3417},
}

@phdthesis{ekatama2024perancangan,
  title={Perancangan Sistem Kontrol Motor Kursi Roda Secara Nirkabel Berbasis ESP32},
  author={Ekatama, I},
  year={2024},
  school={Institut Teknologi Sepuluh Nopember}
}

@misc{tensorflow2015-whitepaper,
title={ {TensorFlow}: Large-Scale Machine Learning on Heterogeneous Systems},
url={https://www.tensorflow.org/},
note={Software available from tensorflow.org},
author={
    Mart\'{i}n~Abadi and
    Ashish~Agarwal and
    Paul~Barham and
    Eugene~Brevdo and
    Zhifeng~Chen and
    Craig~Citro and
    Greg~S.~Corrado and
    Andy~Davis and
    Jeffrey~Dean and
    Matthieu~Devin and
    Sanjay~Ghemawat and
    Ian~Goodfellow and
    Andrew~Harp and
    Geoffrey~Irving and
    Michael~Isard and
    Yangqing Jia and
    Rafal~Jozefowicz and
    Lukasz~Kaiser and
    Manjunath~Kudlur and
    Josh~Levenberg and
    Dandelion~Man\'{e} and
    Rajat~Monga and
    Sherry~Moore and
    Derek~Murray and
    Chris~Olah and
    Mike~Schuster and
    Jonathon~Shlens and
    Benoit~Steiner and
    Ilya~Sutskever and
    Kunal~Talwar and
    Paul~Tucker and
    Vincent~Vanhoucke and
    Vijay~Vasudevan and
    Fernanda~Vi\'{e}gas and
    Oriol~Vinyals and
    Pete~Warden and
    Martin~Wattenberg and
    Martin~Wicke and
    Yuan~Yu and
    Xiaoqiang~Zheng},
  year={2015},
}
@article{Haidar_Utaminingrum_2023, title={Deteksi Plat Nama Ruangan untuk Kendali Kursi Roda Pintar menggunakan YOLOv5 dan EasyOCR berbasis TX2}, volume={7}, url={https://j-ptiik.ub.ac.id/index.php/j-ptiik/article/view/12272}, abstractNote={&amp;lt;p&amp;gt;Penyandang disabilitas di Indonesia mencapai 5% dari jumlah populasi penduduk Indonesia termasuk tuna daksa dan tuna netra. Berdasarkan masalah dialami oleh penyandang disabilitas atas keterbatasan ruang gerak, maka diperlukan pengembangan alat bantu yang dapat memberikan manfaat bagi penyandang disabilitas. Kursi roda merupakan alat bantu yang dapat membantu penyandang disabilitas dalam beraktivitas. Kursi roda elektrik memiliki keunggulan berupa kemudahannya dalam dikendalikan dan bermanuver, kemampuannya dalam melewati bidang miring, serta lebih mudah untuk dibawa ke tempat yang relatif jauh. Pada penelitian ini bertujuan untuk mengembangkan sistem yang dapat digunakan untuk mendeteksi plat nama ruangan secara otomatis pada kursi roda pintar. Pada sistem ini objek papan nama ruangan yang ditangkap oleh kamera akan dijadikan sebagai tujuan dari pergerakan kursi roda secara otomatis. Objek tangkapan kamera akan diolah menggunakan metode YOLOv5 dan EasyOCR. Penelitian ini dapat membuktikan bahwa nilai akurasi terhadap plat nama ruangan dengan menggunakan metode YOLOv5 mendapatkan nilai akurasi sebesar 60% sedangkan 100% untuk metode EasyOCR. Hal ini memungkinkan kemampuan integrasi sistem deteksi objek dan pengenalan karakter ruangan pada sistem &amp;lt;em&amp;gt;autonomous&amp;lt;/em&amp;gt; terhadap peningkatan nilai PWM (pulse width modulation) yang dapat diartikan jika sistem tidak dapat mengenali karakter plat nama ruangan yang mengakibatkan kursi roda terus berjalan hingga menemukan objek yang dicari.&amp;lt;/p&amp;gt;}, number={2}, journal={Jurnal Pengembangan Teknologi Informasi dan Ilmu Komputer}, author={Haidar, Muhammad Fadhel and Utaminingrum, Fitri}, year={2023}, month={Mar}, pages={658–662} }